<record xmlns="http://www.loc.gov/MARC21/slim" xmlns:xsi="http://www.w3.org/2001/XMLSchema-instance" xsi:schemaLocation="http://www.loc.gov/MARC21/slim http://www.loc.gov/standards/marcxml/schema/MARC21slim.xsd"><leader>     nam a22        4500</leader><controlfield tag="001">1818637</controlfield><controlfield tag="003">NIC</controlfield><controlfield tag="006">m        d        </controlfield><controlfield tag="007">cr cn |||m|||a</controlfield><controlfield tag="008">150323s1963    ir      ob    001 0 arar </controlfield><datafield ind1=" " ind2=" " tag="040"><subfield code="a">NNU</subfield><subfield code="b">eng</subfield><subfield code="e">rda</subfield><subfield code="c">NNU</subfield></datafield><datafield ind1="0" ind2="0" tag="050"><subfield code="a">BP130.4</subfield><subfield code="b">.H89 1963</subfield></datafield><datafield ind1="1" ind2=" " tag="100"><subfield code="6">880-01</subfield><subfield code="a">H&#803;uwayzi&#772;, &#699;Abd &#699;Ali&#772; ibn Jum&#699;ah,</subfield><subfield code="d">active 17th century.</subfield></datafield><datafield ind1="1" ind2="0" tag="240"><subfield code="6">880-02</subfield><subfield code="a">Nu&#772;r al-thaqalayn</subfield></datafield><datafield ind1="1" ind2="0" tag="245"><subfield code="6">880-03</subfield><subfield code="a">Kita&#772;b tafsi&#772;r Nu&#772;r al-thaqalayn /</subfield><subfield code="c">li-mu&#700;allifihi &#699;Abd &#699;Ali&#772; ibn Jum&#699;ah al-&#699;Aru&#772;si&#772; al-H&#803;uwayzi&#772; ; s&#803;ah&#803;h&#803;ah&#803;ahu wa-&#699;allaqa &#699;alayhi Ha&#772;shim al-Rasu&#772;li&#772; al-Mah&#803;alla&#772;ti&#772;.</subfield></datafield><datafield ind1=" " ind2=" " tag="250"><subfield code="6">880-04</subfield><subfield code="a">[al-T&#803;ab&#699;ah 2.].</subfield></datafield><datafield ind1=" " ind2=" " tag="260"><subfield code="6">880-05</subfield><subfield code="a">Qum :</subfield><subfield code="b">al-Mat&#803;ba&#699;ah al-&#699;Ilmi&#772;yah,</subfield><subfield code="c">[1963?]</subfield></datafield><datafield ind1=" " ind2=" " tag="300"><subfield code="a">online resource (5 volumes)</subfield></datafield><datafield ind1=" " ind2=" " tag="336"><subfield code="a">text</subfield><subfield code="2">rdacontent</subfield></datafield><datafield ind1=" " ind2=" " tag="337"><subfield code="a">computer</subfield><subfield code="2">rdamedia</subfield></datafield><datafield ind1=" " ind2=" " tag="338"><subfield code="a">online resource</subfield><subfield code="2">rdacarrier</subfield></datafield><datafield ind1=" " ind2=" " tag="500"><subfield code="a">In Arabic.</subfield></datafield><datafield ind1=" " ind2=" " tag="500"><subfield code="a">Part of the Arabic Collections Online (ACO) project, contributed by Cornell University Libraries.</subfield></datafield><datafield ind1=" " ind2=" " tag="504"><subfield code="a">Includes bibliographical references and indexes.</subfield></datafield><datafield ind1=" " ind2=" " tag="533"><subfield code="a">Electronic reproduction.</subfield><subfield code="b">New York, N.Y. :</subfield><subfield code="c">New York University,</subfield><subfield code="d">2015.</subfield><subfield code="5">NNU</subfield></datafield><datafield ind1="0" ind2="0" tag="630"><subfield code="a">Qur&#700;an</subfield><subfield code="x">Commentaries</subfield><subfield code="v">Early works to 1800.</subfield></datafield><datafield ind1="1" ind2=" " tag="700"><subfield code="6">880-06</subfield><subfield code="a">Rasu&#772;li&#772; Mah&#803;alla&#772;ti&#772;, Ha&#772;shim.</subfield></datafield><datafield ind1="2" ind2=" " tag="710"><subfield code="a">Cornell University.</subfield><subfield code="b">Libraries.</subfield></datafield><datafield ind1="0" ind2=" " tag="730"><subfield code="a">Arabic Collections Online.</subfield></datafield><datafield ind1="0" ind2=" " tag="740"><subfield code="6">880-07</subfield><subfield code="a">Tafsi&#772;r Nu&#772;r al-thaqalayn.</subfield></datafield><datafield ind1="0" ind2=" " tag="740"><subfield code="6">880-08</subfield><subfield code="a">Nu&#772;r al-thaqalayn.</subfield></datafield><datafield ind1="0" ind2="8" tag="776"><subfield code="i">Online version:</subfield><subfield code="a">H&#803;uwayzi&#772;, &#699;Abd &#699;Ali&#772; ibn Jum&#699;ah, 17th cent.</subfield><subfield code="s">Nu&#772;r al-thaqalayn.</subfield><subfield code="t">Kita&#772;b tafsi&#772;r Nu&#772;r al-thaqalayn.</subfield><subfield code="b">[al-T&#803;ab&#699;ah 2.].</subfield><subfield code="d">Qum : al-Mat&#803;ba&#699;ah al-&#699;Ilmi&#772;yah, [1963?]</subfield><subfield code="w">(OCoLC)644085304</subfield></datafield><datafield ind1="0" ind2="8" tag="776"><subfield code="i">Print version:</subfield><subfield code="a">H&#803;uwayzi&#772;, &#699;Abd &#699;Ali&#772; ibn Jum&#699;ah, active 17th century.</subfield><subfield code="t">Kita&#772;b tafsi&#772;r Nu&#772;r al-thaqalayn</subfield><subfield code="w">(NIC)1818637</subfield><subfield code="w">(DLC)   86930180 </subfield><subfield code="w">(OCoLC)20295274</subfield></datafield><datafield ind1="4" ind2="0" tag="856"><subfield code="u">http://hdl.handle.net/2333.1/rn8pk32p</subfield></datafield><datafield ind1="1" ind2=" " tag="880"><subfield code="6">100-01/r</subfield><subfield code="a">&#1581;&#1608;&#1610;&#1586;&#1610;&#1548; &#1593;&#1576;&#1583; &#1593;&#1604;&#1610; &#1576;&#1606; &#1580;&#1605;&#1593;&#1577;&#1548;</subfield><subfield code="d">active 17th century.</subfield></datafield><datafield ind1="1" ind2="0" tag="880"><subfield code="6">240-02/r</subfield><subfield code="a">&#1606;&#1608;&#1585; &#1575;&#1604;&#1579;&#1602;&#1604;&#1609;&#1606;</subfield></datafield><datafield ind1="1" ind2="0" tag="880"><subfield code="6">245-03/r</subfield><subfield code="a">&#1603;&#1578;&#1575;&#1576; &#1578;&#1601;&#1587;&#1610;&#1585; &#1606;&#1608;&#1585; &#1575;&#1604;&#1579;&#1602;&#1604;&#1610;&#1606; /</subfield><subfield code="c">&#1604;&#1605;&#1572;&#1604;&#1601;&#1607; &#1593;&#1576;&#1583; &#1593;&#1604;&#1610; &#1576;&#1606; &#1580;&#1605;&#1593;&#1577; &#1575;&#1604;&#1593;&#1585;&#1608;&#1587;&#1610; &#1575;&#1604;&#1581;&#1608;&#1610;&#1586;&#1610; &#1563; &#1589;&#1581;&#1581;&#1607; &#1608;&#1593;&#1604;&#1602; &#1593;&#1604;&#1610;&#1607; &#1607;&#1575;&#1588;&#1605; &#1575;&#1604;&#1585;&#1587;&#1608;&#1604;&#1610; &#1575;&#1604;&#1605;&#1581;&#1604;&#1575;&#1578;&#1610;.</subfield></datafield><datafield ind1=" " ind2=" " tag="880"><subfield code="6">250-04/r</subfield><subfield code="a">[&#1575;&#1604;&#1591;&#1576;&#1593;&#1577; 2.].</subfield></datafield><datafield ind1=" " ind2=" " tag="880"><subfield code="6">260-05/r</subfield><subfield code="a">&#1602;&#1605; :</subfield><subfield code="b">&#1575;&#1604;&#1605;&#1591;&#1576;&#1593;&#1577; &#1575;&#1604;&#1593;&#1604;&#1605;&#1610;&#1577;&#1548;</subfield><subfield code="c">[1963&#1567;]</subfield></datafield><datafield ind1="1" ind2=" " tag="880"><subfield code="6">700-06/r</subfield><subfield code="a">&#1585;&#1587;&#1608;&#1604;&#1610; &#1605;&#1581;&#1604;&#1575;&#1578;&#1610;&#1548; &#1607;&#1575;&#1588;&#1605;.</subfield></datafield><datafield ind1="0" ind2=" " tag="880"><subfield code="6">740-07/r</subfield><subfield code="a">&#1578;&#1601;&#1587;&#1610;&#1585; &#1606;&#1608;&#1585; &#1575;&#1604;&#1579;&#1602;&#1604;&#1610;&#1606;.</subfield></datafield><datafield ind1="0" ind2=" " tag="880"><subfield code="6">740-08/r</subfield><subfield code="a">&#1606;&#1608;&#1585; &#1575;&#1604;&#1579;&#1602;&#1604;&#1610;&#1606;.</subfield></datafield><datafield ind1=" " ind2=" " tag="959"><subfield code="a">NNU</subfield><subfield code="b">WEB</subfield><subfield code="c">GENI</subfield><subfield code="t">0</subfield><subfield code="m">Electronic access</subfield><subfield code="s">01</subfield></datafield><datafield ind1=" " ind2=" " tag="999"><subfield code="i">NIC_1818637</subfield><subfield code="o">(OCoLC)ocm20295274</subfield><subfield code="s">cornell_aco000225:juz1</subfield><subfield code="s">cornell_aco000226:juz2</subfield><subfield code="s">cornell_aco000227:juz3</subfield><subfield code="s">cornell_aco000228:juz4</subfield><subfield code="s">cornell_aco000229:juz5</subfield><subfield code="e">(ERROR-880)</subfield><subfield code="s">cornell_aco000225:juz1</subfield><subfield code="s">cornell_aco000226:juz2</subfield><subfield code="s">cornell_aco000227:juz3</subfield><subfield code="s">cornell_aco000228:juz4</subfield><subfield code="s">cornell_aco000229:juz5</subfield></datafield></record>